@misc{harris-detector,
	title = {{A combined corner and edge detector}},
 	howpublished = {\url{http://citeseerx.ist.psu.edu/viewdoc/download?doi=10.1.1.434.4816&rep=rep1&type=pdf}},
 	note = {Accessed: 2017-02-13}
},
@misc{sdbench,
	title = {{Benchmark for SD-Cards}},
 	howpublished = {\url{http://www.nmacleod.com/public/sdbench.sh}},
 	note = {Accessed: 2017-02-13}
},
@misc{rawrecording,
	title = {{Picamera 1.12 documentation}},
 	howpublished = {\url{http://picamera.readthedocs.io/en/release-1.12/api_camera.html#picamera.PiCamera.start_recording}},
 	note = {Accessed: 2017-02-13}
},
@misc{element-maker,
	title = {{Tool to build gstreamer plugins}},
 	howpublished = {\url{https://github.com/ford-prefect/gst-plugins-bad/blob/master/tools/gst-element-maker}},
 	note = {Accessed: 2017-02-13}
},
@misc{edge-detection,
	title = {{Study and Comparison of Different Edge Detectors for Image Segmentation}},
 	howpublished = {\url{https://globaljournals.org/GJCST_Volume12/5-Study-and-Comparison-of-Different-Edge.pdf}},
 	note = {Accessed: 2017-02-13}
},
@misc{halide,
	title = {{Decoupling algorithms from schedules for easy optimization of image processing pipelines}},
 	howpublished = {\url{http://people.csail.mit.edu/jrk/halide12/}},
 	note = {Accessed: 2017-02-13}
}



